,Unnamed: 0,Unnamed: 0.1,2022-06-30 00:00:00,2022-03-31 00:00:00,2021-12-31 00:00:00,2021-09-30 00:00:00,2021-06-30 00:00:00,2021-03-31 00:00:00,2020-12-31 00:00:00,2020-09-30 00:00:00,2020-06-30 00:00:00,2020-03-31 00:00:00,2019-12-31 00:00:00,2019-09-30 00:00:00,2019-06-30 00:00:00,2019-03-31 00:00:00,2018-12-31 00:00:00,2018-09-30 00:00:00,2018-06-30 00:00:00,2018-03-31 00:00:00,2017-12-31 00:00:00,2017-09-30 00:00:00,2017-06-30 00:00:00,2017-03-31 00:00:00,2016-12-31 00:00:00,2016-09-30 00:00:00,2016-06-30 00:00:00,2016-03-31 00:00:00,2015-12-31 00:00:00,2015-09-30 00:00:00,2015-06-30 00:00:00,2015-03-31 00:00:00,2014-12-31 00:00:00,2014-09-30 00:00:00,2014-06-30 00:00:00,2014-03-31 00:00:00,2013-12-31 00:00:00,2013-09-30 00:00:00,2013-06-30 00:00:00,2013-03-31 00:00:00,2012-12-31 00:00:00,2012-09-30 00:00:00
0,0,Revenue,5718400000.0,5666000000.0,6009000000.0,6201000000.0,5888000000.0,5125000000.0,5313801000.0,5418100000.0,3761500000.0,4714400000.0,5428201000.0,5502300000.0,5409800000.0,5024100000.0,5395700000.0,5369400000.0,5353900000.0,5138900000.0,5340201000.0,5754600000.0,6049700000.0,5675900000.0,6028901000.0,6424100000.0,6265000000.0,5903900000.0,6341300000.0,6615100000.0,6497700000.0,5958900000.0,6572201000.0,6987100000.0,7181700000.0,6700300000.0,7093199000.0,7323400000.0,7083800000.0,6605300000.0,6952099000.0,7152400000.0
1,1,Revenue Growth,-0.0288,0.1056,0.1308,0.1445,0.5653,0.0871,-0.0211,-0.0153,-0.3047,-0.0616,0.006,0.0248,0.0104,-0.0223,0.0104,-0.0669,-0.115,-0.0946,-0.1142,-0.1042,-0.0344,-0.0386,-0.0493,-0.0289,-0.0358,-0.0092,-0.0351,-0.0532,-0.0952,-0.1107,-0.0735,-0.0459,0.0138,0.0144,0.0203,0.0239,0.0243,0.009,0.019,-0.0019
2,2,Cost of Revenue,2416300000.0,2636000000.0,2835000000.0,2785000000.0,2683000000.0,2465000000.0,2533600000.0,2513400000.0,2036200000.0,2372500000.0,2560500000.0,2584700000.0,2567200000.0,2472600000.0,2652401000.0,2547300000.0,2614400000.0,2611200000.0,2674700000.0,2937100000.0,3341300000.0,3246500000.0,3470700000.0,3677100000.0,3679000000.0,3590400000.0,3834800000.0,4023800000.0,4007300000.0,3757900000.0,4098099000.0,4305900000.0,4397400000.0,4184200000.0,4350399000.0,4412800000.0,4318600000.0,4121200000.0,4223799000.0,4297800000.0
3,3,Gross Profit,3302100000.0,3030000000.0,3175000000.0,3416000000.0,3205000000.0,2660000000.0,2780201000.0,2904700000.0,1725300000.0,2341900000.0,2867701000.0,2917600000.0,2842600000.0,2551500000.0,2743299000.0,2822100000.0,2739500000.0,2527700000.0,2665500000.0,2817500000.0,2708400000.0,2429400000.0,2558201000.0,2747000000.0,2586000000.0,2313500000.0,2506500000.0,2591300000.0,2490400000.0,2201000000.0,2474103000.0,2681200000.0,2784300000.0,2516100000.0,2742800000.0,2910600000.0,2765200000.0,2484100000.0,2728300000.0,2854600000.0
4,4,SG&A Expenses,,677000000.0,841900000.0,639000000.0,664000000.0,578000000.0,778300100.0,530500000.0,647000000.0,589800000.0,653600000.0,543600000.0,533100000.0,499100000.0,609800000.0,515200000.0,542100000.0,533100000.0,617600000.0,567000000.0,525400000.0,521300000.0,627500000.0,582900000.0,596100000.0,578000000.0,675100000.0,584000000.0,592400000.0,582800000.0,662499900.0,575800000.0,629200000.0,620400000.0,627800000.0,554300000.0,607000000.0,596500000.0,624500000.0,620900000.0
5,5,Operating Income,1711800000.0,2312600000.0,2397102000.0,2986500000.0,2691100000.0,2281300000.0,2142901000.0,2526400000.0,961099900.0,1693600000.0,2292600000.0,2409300000.0,2273900000.0,2094000000.0,1999499000.0,2417700000.0,2262300000.0,2143100000.0,2144202000.0,3079400000.0,2295100000.0,2034000000.0,1969002000.0,2137300000.0,1857900000.0,1780300000.0,1880400000.0,2030300000.0,1849300000.0,1385500000.0,1751702000.0,2072500000.0,2189000000.0,1936000000.0,2200398000.0,2416700000.0,2197700000.0,1949500000.0,2197800000.0,2287200000.0
6,6,Interest Expense (Operating),,289000000.0,298000000.0,296000000.0,299000000.0,302000000.0,298000000.0,312000000.0,312000000.0,283000000.0,286000000.0,,,,,,,,,,,,,,,,,,,,,,,,,,,,,
7,7,Non-operating Interest Expenses,290600000.0,3000000.0,3000000.0,2000000.0,2000000.0,2000000.0,308900000.0,310100000.0,319100000.0,280000000.0,283000000.0,280600000.0,284200000.0,274100000.0,254100000.0,250100000.0,240200000.0,236800000.0,235100000.0,236700000.0,230900000.0,218600000.0,221200000.0,221400000.0,223900000.0,218300000.0,180900000.0,160900000.0,149200000.0,147300000.0,153700000.0,149300000.0,137900000.0,135500000.0,139400000.0,130500000.0,129800000.0,128100000.0,129600000.0,128100000.0
8,8,Non-operating Income/Expense,-302700000.0,-297000000.0,-20000000.0,-123000000.0,-197000000.0,-219000000.0,-312899800.0,-309300000.0,-312400000.0,-248700000.0,-265800100.0,-257100000.0,-266100000.0,-262700000.0,-248100000.0,-259000000.0,-244200000.0,-255200000.0,-259100000.0,-259900000.0,-233700000.0,-226500000.0,-234100000.0,-232800000.0,-207700000.0,-203900000.0,-169600000.0,-151900000.0,-136900000.0,-131400000.0,-155600000.0,-151400000.0,-117500000.0,-152700000.0,-145200000.0,-144100000.0,-137800000.0,-132700000.0,-129800000.0,-133600000.0
9,9,EBT,1409100000.0,1541000000.0,2108000000.0,2691000000.0,2376000000.0,1953000000.0,1830000000.0,2217100000.0,648700000.0,1444900000.0,2026800000.0,2152200000.0,2007800000.0,1831300000.0,1751400000.0,2158700000.0,2018100000.0,1887900000.0,1885100000.0,2819500000.0,2061400000.0,1807500000.0,1734900000.0,1904500000.0,1650200000.0,1576400000.0,1710800000.0,1878400000.0,1712400000.0,1254100000.0,1596100000.0,1921100000.0,2071500000.0,1783300000.0,2055200000.0,2272600000.0,2059900000.0,1816800000.0,2068000000.0,2153600000.0
10,10,Income Tax Provision,221100000.0,437000000.0,469000000.0,542000000.0,157000000.0,416000000.0,452799900.0,454500000.0,164900000.0,338000000.0,454599900.0,544300000.0,490900000.0,502900000.0,336100000.0,521400000.0,521800000.0,512500000.0,1186400000.0,935800000.0,666300000.0,592700000.0,541500000.0,629100000.0,557300000.0,451600000.0,504599900.0,569200000.0,510000000.0,442600000.0,498600000.0,852700000.0,684400000.0,578500000.0,658200100.0,750400000.0,663400000.0,546600000.0,671900000.0,698600000.0
11,11,Income after Tax,1188000000.0,1104400000.0,1638800000.0,2149900000.0,2219300000.0,1537200000.0,1377200000.0,1762600000.0,483800000.0,1106900000.0,1572201000.0,1607900000.0,1516900000.0,1328400000.0,1415300000.0,1637300000.0,1496300000.0,1375400000.0,698700000.0,1883700000.0,1395100000.0,1214800000.0,1193400000.0,1275400000.0,1092900000.0,1124800000.0,1206200000.0,1309200000.0,1202400000.0,811500000.0,1097500000.0,1068400000.0,1387100000.0,1204800000.0,1397000000.0,1522200000.0,1396500000.0,1270200000.0,1396100000.0,1455000000.0
12,12,Dividends (Preferred),,-100.0,,,,,,100.0,0.0,,600.0,-100.0,,,,-100.0,,,,,-100.0,,,,-100.0,,,,,,,-100.0,,,,100.0,-100.0,100.0,,100.0
13,13,Net Income Common,1188000000.0,1104000000.0,1639000000.0,2150000000.0,2219000000.0,1537000000.0,1377200000.0,1762600000.0,483800000.0,1106900000.0,1572200000.0,1607900000.0,1516900000.0,1328400000.0,1415300000.0,1637300000.0,1496300000.0,1375400000.0,698699800.0,1883700000.0,1395100000.0,1214800000.0,1193400000.0,1275400000.0,1092900000.0,1124800000.0,1206200000.0,1309200000.0,1202400000.0,811500000.0,1097500000.0,1068400000.0,1387100000.0,1204800000.0,1397000000.0,1522200000.0,1396500000.0,1270200000.0,1396100000.0,1455000000.0
14,14,EPS (Basic),,1.48,2.18,2.86,2.95,2.05,1.84,2.35,0.65,1.47,2.08,2.11,1.97,1.72,1.82,2.1,1.9,1.72,0.87,2.32,1.7,1.47,1.44,1.5,1.25,1.23,1.31,1.4,1.26,0.84,1.13,1.09,1.4,1.21,1.4,1.52,1.38,1.26,1.38,1.43
15,15,EPS (Diluted),,1.48,2.18,2.86,2.95,2.05,1.84,2.35,0.65,1.47,2.08,2.11,1.97,1.72,1.82,2.1,1.9,1.72,0.87,2.32,1.7,1.47,1.44,1.5,1.25,1.23,1.31,1.4,1.26,0.84,1.13,1.09,1.4,1.21,1.4,1.52,1.38,1.26,1.38,1.43
16,16,"Shares (Basic, Weighted)",,743000000.0,745000000.0,747000000.0,747000000.0,746000000.0,744600000.0,744500000.0,743800000.0,744800000.0,758100000.0,756600000.0,761800000.0,764900000.0,778200000.0,772800000.0,780000000.0,790900000.0,807400000.0,805300000.0,811600000.0,818800000.0,854400000.0,841400000.0,864000000.0,888900000.0,939400000.0,930300000.0,953200000.0,960600000.0,980500000.0,978700000.0,987400000.0,989600000.0,998400000.0,997300000.0,1001400000.0,1002700000.0,1010100000.0,1006100000.0
17,17,"Shares (Diluted, Weighted)",742000000.0,748000000.0,752000000.0,753000000.0,752000000.0,751000000.0,750100000.0,750000000.0,748600000.0,750700000.0,764900000.0,763900000.0,768700000.0,771600000.0,785600000.0,779600000.0,787100000.0,798700000.0,815500000.0,813500000.0,819200000.0,825200000.0,861200000.0,847700000.0,871200000.0,896300000.0,944600000.0,934800000.0,957600000.0,965500000.0,986300000.0,983800000.0,993200000.0,995900000.0,1006000000.0,1004200000.0,1008700000.0,1010800000.0,1020200000.0,1015400000.0
18,18,Gross Margin,0.5775,0.5348,0.5284,0.5509,0.5443,0.519,0.5232,0.5361,0.4587,0.4968,0.5283,0.5303,0.5255,0.5079,0.5084,0.5256,0.5117,0.4919,0.4991,0.4896,0.4477,0.428,0.4243,0.4276,0.4128,0.3919,0.3953,0.3917,0.3833,0.3694,0.3764,0.3837,0.3877,0.3755,0.3867,0.3974,0.3904,0.3761,0.3924,0.3991
19,19,EBIT Margin,0.2993,0.4082,0.3989,0.4816,0.457,0.4451,0.4033,0.4663,0.2555,0.3592,0.4223,0.4379,0.4203,0.4168,0.3706,0.4503,0.4226,0.417,0.4015,0.5351,0.3794,0.3584,0.3266,0.3327,0.2966,0.3015,0.2965,0.3069,0.2846,0.2325,0.2665,0.2966,0.3048,0.2889,0.3102,0.33,0.3102,0.2951,0.3161,0.3198
20,20,EBT margin,0.2464,0.272,0.3508,0.434,0.4035,0.3811,0.3444,0.4092,0.1725,0.3065,0.3734,0.3911,0.3711,0.3645,0.3246,0.402,0.3769,0.3674,0.353,0.49,0.3407,0.3185,0.2878,0.2965,0.2634,0.267,0.2698,0.284,0.2635,0.2105,0.2429,0.2749,0.2884,0.2662,0.2897,0.3103,0.2908,0.2751,0.2975,0.3011
21,21,Net Profit Margin,0.2078,0.1948,0.2728,0.3467,0.3769,0.2999,0.2592,0.3253,0.1286,0.2348,0.2896,0.2922,0.2804,0.2644,0.2623,0.3049,0.2795,0.2676,0.1308,0.3273,0.2306,0.214,0.1979,0.1985,0.1744,0.1905,0.1902,0.1979,0.1851,0.1362,0.167,0.1529,0.1931,0.1798,0.1969,0.2079,0.1971,0.1923,0.2008,0.2034
22,22,EBITDA,,2874000000.0,2856000000.0,3246000000.0,3004000000.0,2535000000.0,2607201000.0,2966500000.0,1386800000.0,2114900000.0,2706200000.0,2822700000.0,2672200000.0,2486600000.0,2378499000.0,2792800000.0,2627300000.0,2506000000.0,2487002000.0,3435200000.0,2634600000.0,2359300000.0,2347902000.0,2507900000.0,2241200000.0,2164000000.0,2270100000.0,2418000000.0,2241500000.0,1771600000.0,2159202000.0,2485900000.0,2602200000.0,2346399000.0,2608998000.0,2811200000.0,2588600000.0,2340600000.0,2583800000.0,2659100000.0
23,23,EBIT,1711800000.0,2312600000.0,2397102000.0,2986500000.0,2691100000.0,2281300000.0,2142900000.0,2526400000.0,961099900.0,1693600000.0,2292600000.0,2409300000.0,2273900000.0,2094000000.0,1999500000.0,2417700000.0,2262300000.0,2143100000.0,2144201000.0,3079400000.0,2295100000.0,2034000000.0,1969002000.0,2137300000.0,1857900000.0,1780300000.0,1880400000.0,2030300000.0,1849300000.0,1385500000.0,1751701000.0,2072500000.0,2189000000.0,1936000000.0,2200399000.0,2416700000.0,2197700000.0,1949500000.0,2197801000.0,2287200000.0
24,24,Income from Continuous Operations,1188000000.0,1104400000.0,1638800000.0,2149900000.0,2219300000.0,1537200000.0,1377200000.0,1762600000.0,483800000.0,1106900000.0,1572201000.0,1607900000.0,1516900000.0,1328400000.0,1415300000.0,1637300000.0,1496300000.0,1375400000.0,698700000.0,1883700000.0,1395100000.0,1214800000.0,1193400000.0,1275400000.0,1092900000.0,1124800000.0,1206200000.0,1309200000.0,1202400000.0,811500000.0,1097500000.0,1068400000.0,1387100000.0,1204800000.0,1397000000.0,1522200000.0,1396500000.0,1270200000.0,1396100000.0,1455000000.0
25,25,Consolidated Net Income/Loss,1188000000.0,1104000000.0,1639000000.0,2150000000.0,2219000000.0,1537000000.0,1377200000.0,1762600000.0,483800000.0,1106900000.0,1572201000.0,1607900000.0,1516900000.0,1328400000.0,1415300000.0,1637300000.0,1496300000.0,1375400000.0,698700000.0,1883700000.0,1395100000.0,1214800000.0,1193400000.0,1275400000.0,1092900000.0,1124800000.0,1206200000.0,1309200000.0,1202400000.0,811500000.0,1097500000.0,1068400000.0,1387100000.0,1204800000.0,1397000000.0,1522200000.0,1396500000.0,1270200000.0,1396100000.0,1455000000.0
26,26,"EPS (Basic, from Continuous Ops)",,1.4872,2.1988,2.8777,2.9725,2.0611,1.849,2.3675,0.6504,1.4862,2.095,2.1252,1.9912,1.7367,1.8368,2.1187,1.9183,1.739,0.8892,2.3391,1.719,1.4836,1.439,1.5158,1.2649,1.2654,1.308,1.4073,1.2614,0.8448,1.1385,1.0917,1.4048,1.2175,1.4072,1.5263,1.3945,1.2668,1.3913,1.4462
27,27,"EPS (Diluted, from Cont. Ops)",1.6011,1.4773,2.1819,2.8566,2.9508,2.0469,1.8356,2.3501,0.6463,1.4745,2.0776,2.1049,1.9733,1.7216,1.8179,2.1002,1.901,1.722,0.8763,2.3156,1.703,1.4721,1.4279,1.5045,1.2545,1.2549,1.2983,1.4005,1.2556,0.8405,1.1315,1.086,1.3966,1.2098,1.3957,1.5158,1.3845,1.2566,1.3783,1.4329
28,28,"EPS (Basic, Consolidated)",,1.4872,2.1988,2.8777,2.9725,2.0611,1.849,2.3675,0.6504,1.4862,2.095,2.1252,1.9912,1.7367,1.8368,2.1187,1.9183,1.739,0.8892,2.3391,1.719,1.4836,1.439,1.5158,1.2649,1.2654,1.308,1.4073,1.2614,0.8448,1.1385,1.0917,1.4048,1.2175,1.4072,1.5263,1.3945,1.2668,1.3913,1.4462
29,29,"EPS (Diluted, Consolidated)",1.6011,1.4773,2.1819,2.8566,2.9508,2.0469,1.8356,2.3501,0.6463,1.4745,2.0776,2.1049,1.9733,1.7216,1.8179,2.1002,1.901,1.722,0.8763,2.3156,1.703,1.4721,1.4279,1.5045,1.2545,1.2549,1.2983,1.4005,1.2556,0.8405,1.1315,1.086,1.3966,1.2098,1.3957,1.5158,1.3845,1.2566,1.3783,1.4329
30,30,"Shares (Diluted, Average)",,747600000.0,751600000.0,752600000.0,752100000.0,751000000.0,751000000.0,750000000.0,748600000.0,750700000.0,755600000.0,763900000.0,768700000.0,771600000.0,776600000.0,779900000.0,787100000.0,798700000.0,803000000.0,813500000.0,819200000.0,825200000.0,829700000.0,847700000.0,871200000.0,894900000.0,919900000.0,934800000.0,957600000.0,965500000.0,971500000.0,983800000.0,993200000.0,995900000.0,999300000.0,1004200000.0,1008700000.0,1010800000.0,1010700000.0,1015400000.0
31,31,EBITDA Margin,0.0,0.5072,0.4753,0.5235,0.5102,0.4946,0.4906,0.5475,0.3687,0.4486,0.4985,0.513,0.494,0.4949,0.4408,0.5201,0.4907,0.4877,0.4657,0.5969,0.4355,0.4157,0.3894,0.3904,0.3577,0.3665,0.358,0.3655,0.345,0.2973,0.3285,0.3558,0.3623,0.3502,0.3678,0.3839,0.3654,0.3544,0.3717,0.3718
32,32,Operating Cash Flow Margin,0.0,0.3765,0.4438,0.4222,0.2944,0.4144,0.375,0.5425,-0.0567,0.3279,0.3481,0.4156,0.3559,0.4022,0.2801,0.4602,0.2501,0.3201,0.2077,0.2927,0.2006,0.272,0.1352,0.3504,0.1993,0.2956,0.2174,0.2944,0.2329,0.2852,0.2287,0.2623,0.2071,0.2847,0.2641,0.28,0.2131,0.2554,0.2661,0.2795
