,Unnamed: 0,Unnamed: 0.1,2022-06-30 00:00:00,2022-03-31 00:00:00,2021-12-31 00:00:00,2021-09-30 00:00:00,2021-06-30 00:00:00,2021-03-31 00:00:00,2020-12-31 00:00:00,2020-09-30 00:00:00,2020-06-30 00:00:00,2020-03-31 00:00:00,2019-12-31 00:00:00,2019-09-30 00:00:00,2019-06-30 00:00:00,2019-03-31 00:00:00,2018-12-31 00:00:00,2018-09-30 00:00:00,2018-06-30 00:00:00,2018-03-31 00:00:00,2017-12-31 00:00:00,2017-09-30 00:00:00,2017-06-30 00:00:00,2017-03-31 00:00:00,2016-12-31 00:00:00,2016-09-30 00:00:00,2016-06-30 00:00:00,2016-03-31 00:00:00,2015-12-31 00:00:00,2015-09-30 00:00:00,2015-06-30 00:00:00,2015-03-31 00:00:00,2014-12-31 00:00:00,2014-09-30 00:00:00,2014-06-30 00:00:00,2014-03-31 00:00:00,2013-12-31 00:00:00,2013-09-30 00:00:00,2013-06-30 00:00:00,2013-03-31 00:00:00,2012-12-31 00:00:00,2012-09-30 00:00:00
0,0,Revenue,33789000000.0,33554000000.0,34067000000.0,32915000000.0,33764000000.0,32867000000.0,34692000000.0,31543000000.0,30447000000.0,31610000000.0,34775000000.0,32894000000.0,32071000000.0,32128000000.0,34281000000.0,32607000000.0,32203000000.0,31772000000.0,33955000000.0,31717000000.0,30548000000.0,29814000000.0,32340000000.0,30937000000.0,30532000000.0,32171000000.0,34254000000.0,33158000000.0,32224000000.0,31984000000.0,33192000000.0,31586000000.0,31483000000.0,30818000000.0,31065000000.0,30279000000.0,29786000000.0,29420000000.0,30045000000.0,29007000000.0
1,1,Revenue Growth,0.0007,0.0209,-0.018,0.0435,0.1089,0.0398,-0.0024,-0.0411,-0.0506,-0.0161,0.0144,0.0088,-0.0041,0.0112,0.0096,0.0281,0.0542,0.0657,0.0499,0.0252,0.0005,-0.0733,-0.0559,-0.067,-0.0525,0.0058,0.032,0.0498,0.0235,0.0378,0.0685,0.0432,0.057,0.0475,0.0339,0.0439,0.0432,0.0417,0.0566,0.0392
2,2,Cost of Revenue,14420000000.0,18586000000.0,19047000000.0,17489000000.0,18275000000.0,17696000000.0,14822000000.0,12334000000.0,11749000000.0,12296000000.0,15631000000.0,13384000000.0,12721000000.0,12990000000.0,15291000000.0,13331000000.0,13631000000.0,13255000000.0,15558000000.0,12974000000.0,12484000000.0,12047000000.0,15639000000.0,12229000000.0,12221000000.0,12612000000.0,14707000000.0,13305000000.0,12449000000.0,12096000000.0,14403000000.0,12252000000.0,12087000000.0,11189000000.0,11962000000.0,10960000000.0,11033000000.0,10932000000.0,13069000000.0,10991000000.0
3,3,Gross Profit,19369000000.0,14968000000.0,15020000000.0,15426000000.0,15489000000.0,15171000000.0,19870000000.0,19209000000.0,18698000000.0,19314000000.0,19144000000.0,19510000000.0,19350000000.0,19138000000.0,18990000000.0,19276000000.0,18572000000.0,18517000000.0,18397000000.0,18743000000.0,18064000000.0,17767000000.0,16701000000.0,18708000000.0,18311000000.0,19559000000.0,19547000000.0,19853000000.0,19775000000.0,19888000000.0,18789000000.0,19334000000.0,19396000000.0,19629000000.0,19103000000.0,19319000000.0,18753000000.0,18488000000.0,16976000000.0,18016000000.0
4,4,SG&A Expenses,7496000000.0,7172000000.0,7412000000.0,6521000000.0,7324000000.0,7178000000.0,8493000000.0,7339000000.0,7156000000.0,8585000000.0,8214000000.0,7216000000.0,7268000000.0,7198000000.0,9410000000.0,7224000000.0,7605000000.0,6844000000.0,8480000000.0,7483000000.0,5883000000.0,6746000000.0,2501000000.0,8226000000.0,9775000000.0,7600000000.0,5764000000.0,8309000000.0,7974000000.0,7939000000.0,16857000000.0,8277000000.0,7550000000.0,8332000000.0,2857000000.0,8037000000.0,8047000000.0,8148000000.0,16008000000.0,8366000000.0
5,5,Operating Income,7552000000.0,7796000000.0,7608000000.0,8905000000.0,8165000000.0,7770000000.0,7180000000.0,7678000000.0,7361000000.0,6579000000.0,6639000000.0,8180000000.0,7850000000.0,7709000000.0,637000000.0,7675000000.0,6617000000.0,7349000000.0,5461000000.0,6988000000.0,8014000000.0,6962000000.0,10213000000.0,6540000000.0,4554000000.0,7942000000.0,9744000000.0,7535000000.0,7821000000.0,7960000000.0,-2136000000.0,6890000000.0,7685000000.0,7160000000.0,12063000000.0,7128000000.0,6555000000.0,6222000000.0,-3169000000.0,5483000000.0
6,6,Interest Expense (Operating),,786000000.0,739000000.0,801000000.0,844000000.0,1101000000.0,1080000000.0,1044000000.0,1116000000.0,1034000000.0,1159000000.0,,,,,,,,,,,,,,,,,,,,,,,,,,,,,
7,7,Non-operating Interest Expenses,785000000.0,10000000.0,11000000.0,11000000.0,11000000.0,15000000.0,1080000000.0,1044000000.0,1089000000.0,1034000000.0,1159000000.0,1146000000.0,1215000000.0,1210000000.0,1199000000.0,1211000000.0,1222000000.0,1201000000.0,1219000000.0,1164000000.0,1218000000.0,1132000000.0,1137000000.0,1038000000.0,1013000000.0,1188000000.0,1178000000.0,1202000000.0,1208000000.0,1332000000.0,1282000000.0,1255000000.0,1164000000.0,1214000000.0,1061000000.0,555000000.0,514000000.0,537000000.0,575000000.0,632000000.0
8,8,Non-operating Income/Expense,-695000000.0,-934000000.0,3947000000.0,-345000000.0,2755000000.0,609000000.0,-927000000.0,-1827000000.0,-1174000000.0,-903000000.0,-2927000000.0,-1257000000.0,-2540000000.0,-921000000.0,730000000.0,-1000000000.0,-1090000000.0,-1295000000.0,-2527000000.0,-1477000000.0,-1047000000.0,-1780000000.0,-3264000000.0,-964000000.0,-2859000000.0,-1176000000.0,-1166000000.0,-1169000000.0,-1194000000.0,-1291000000.0,-1750000000.0,-1232000000.0,-1141000000.0,-206000000.0,-1303000000.0,-516000000.0,-369000000.0,-503000000.0,-1567000000.0,-560000000.0
9,9,EBT,6857000000.0,6083000000.0,6144000000.0,8374000000.0,7824000000.0,7078000000.0,6253000000.0,5851000000.0,6187000000.0,5676000000.0,3712000000.0,6923000000.0,5310000000.0,6788000000.0,1367000000.0,6675000000.0,5527000000.0,6054000000.0,2934000000.0,5511000000.0,6967000000.0,5182000000.0,6949000000.0,5576000000.0,1695000000.0,6766000000.0,8578000000.0,6366000000.0,6627000000.0,6669000000.0,-3886000000.0,5658000000.0,6544000000.0,6954000000.0,10760000000.0,6612000000.0,6186000000.0,5719000000.0,-4736000000.0,4923000000.0
10,10,Income Tax Provision,1542000000.0,1372000000.0,1407000000.0,1820000000.0,1875000000.0,1700000000.0,1535000000.0,1347000000.0,1348000000.0,1389000000.0,-1505000000.0,1586000000.0,1236000000.0,1628000000.0,-698000000.0,1613000000.0,1281000000.0,1388000000.0,-15849000000.0,1775000000.0,2489000000.0,1629000000.0,2349000000.0,1829000000.0,864000000.0,2336000000.0,3065000000.0,2195000000.0,2274000000.0,2331000000.0,-1738000000.0,1864000000.0,2220000000.0,968000000.0,2844000000.0,1034000000.0,988000000.0,864000000.0,-2810000000.0,631000000.0
11,11,Income after Tax,5315000000.0,4711000000.0,4737000000.0,6554000000.0,5949000000.0,5378000000.0,4718000000.0,4504000000.0,4839000000.0,4287000000.0,5217000000.0,5337000000.0,4074000000.0,5160000000.0,2065000000.0,5062000000.0,4246000000.0,4666000000.0,18783000000.0,3736000000.0,4478000000.0,3553000000.0,4600000000.0,3747000000.0,831000000.0,4430000000.0,5513000000.0,4171000000.0,4353000000.0,4338000000.0,-2148000000.0,3794000000.0,4324000000.0,5986000000.0,7916000000.0,5578000000.0,5198000000.0,4855000000.0,-1926000000.0,4292000000.0
12,12,Non-Controlling Interest,116000000.0,131000000.0,124000000.0,147000000.0,149000000.0,133000000.0,130000000.0,147000000.0,139000000.0,131000000.0,122000000.0,143000000.0,130000000.0,128000000.0,126000000.0,138000000.0,126000000.0,121000000.0,114000000.0,116000000.0,116000000.0,103000000.0,105000000.0,127000000.0,129000000.0,120000000.0,122000000.0,133000000.0,122000000.0,119000000.0,83000000.0,99000000.0,110000000.0,2039000000.0,2849000000.0,3346000000.0,2952000000.0,2903000000.0,2303000000.0,2699000000.0
13,13,Net Income Common,5199000000.0,4580000000.0,4613000000.0,6407000000.0,5800000000.0,5245000000.0,4588000000.0,4357000000.0,4700000000.0,4156000000.0,5095000000.0,5194000000.0,3944000000.0,5032000000.0,1939000000.0,4924000000.0,4120000000.0,4545000000.0,18669000000.0,3620000000.0,4362000000.0,3450000000.0,4495000000.0,3620000000.0,702000000.0,4310000000.0,5391000000.0,4038000000.0,4231000000.0,4219000000.0,-2231000000.0,3695000000.0,4214000000.0,3947000000.0,5067000000.0,2232000000.0,2246000000.0,1952000000.0,-4229000000.0,1593000000.0
14,14,EPS (Basic),,1.09,1.11,1.55,1.4,1.27,1.11,1.05,1.14,1.0,1.23,1.26,0.95,1.22,0.47,1.19,1.0,1.11,4.57,0.89,1.07,0.85,1.1,0.89,0.17,1.06,1.32,0.99,1.04,1.03,-0.54,0.89,1.02,1.15,1.77,0.78,0.78,0.68,-1.48,0.56
15,15,EPS (Diluted),,1.09,1.11,1.55,1.4,1.27,1.11,1.05,1.13,1.0,1.23,1.25,0.95,1.22,0.47,1.19,1.0,1.11,4.56,0.89,1.07,0.84,1.1,0.89,0.17,1.06,1.32,0.99,1.04,1.02,-0.54,0.89,1.01,1.15,1.76,0.78,0.78,0.68,-1.48,0.56
16,16,"Shares (Basic, Weighted)",4201000000.0,4201000000.0,4167000000.0,4142000000.0,4141000000.0,4141000000.0,4140000000.0,4140000000.0,4139000000.0,4139000000.0,4138000000.0,4138000000.0,4138000000.0,4138000000.0,4128000000.0,4136000000.0,4135000000.0,4104000000.0,4084000000.0,4084000000.0,4082000000.0,4082000000.0,4080000000.0,4079000000.0,4079000000.0,4080000000.0,4085000000.0,4072000000.0,4079000000.0,4116000000.0,3974000000.0,4152000000.0,4147000000.0,3425000000.0,2866000000.0,2866000000.0,2865000000.0,2866000000.0,2853000000.0,2857000000.0
17,17,"Shares (Diluted, Weighted)",4202000000.0,4202000000.0,4169000000.0,4144000000.0,4143000000.0,4142000000.0,4142000000.0,4142000000.0,4141000000.0,4141000000.0,4140000000.0,4140000000.0,4139000000.0,4140000000.0,4132000000.0,4140000000.0,4139000000.0,4107000000.0,4089000000.0,4089000000.0,4087000000.0,4087000000.0,4086000000.0,4086000000.0,4085000000.0,4085000000.0,4093000000.0,4078000000.0,4085000000.0,4121000000.0,3981000000.0,4159000000.0,4153000000.0,3430000000.0,2874000000.0,2874000000.0,2872000000.0,2872000000.0,2862000000.0,2866000000.0
18,18,Gross Margin,0.5732,0.4461,0.4409,0.4687,0.4587,0.4616,0.5728,0.609,0.6141,0.611,0.5505,0.5931,0.6033,0.5957,0.554,0.5912,0.5767,0.5828,0.5418,0.5909,0.5913,0.5959,0.5164,0.6047,0.5997,0.608,0.5706,0.5987,0.6137,0.6218,0.5661,0.6121,0.6161,0.6369,0.6149,0.638,0.6296,0.6284,0.565,0.6211
19,19,EBIT Margin,0.2235,0.2323,0.2233,0.2705,0.2418,0.2364,0.207,0.2434,0.2418,0.2081,0.1909,0.2487,0.2448,0.2399,0.0186,0.2354,0.2055,0.2313,0.1608,0.2203,0.2623,0.2335,0.3158,0.2114,0.1492,0.2469,0.2845,0.2272,0.2427,0.2489,-0.0644,0.2181,0.2441,0.2323,0.3883,0.2354,0.2201,0.2115,-0.1055,0.189
20,20,EBT margin,0.2029,0.1813,0.1804,0.2544,0.2317,0.2154,0.1802,0.1855,0.2032,0.1796,0.1067,0.2105,0.1656,0.2113,0.0399,0.2047,0.1716,0.1905,0.0864,0.1738,0.2281,0.1738,0.2149,0.1802,0.0555,0.2103,0.2504,0.192,0.2057,0.2085,-0.1171,0.1791,0.2079,0.2256,0.3464,0.2184,0.2077,0.1944,-0.1576,0.1697
21,21,Net Profit Margin,0.1539,0.1365,0.1354,0.1947,0.1718,0.1596,0.1322,0.1381,0.1544,0.1315,0.1465,0.1579,0.123,0.1566,0.0566,0.151,0.1279,0.1431,0.5498,0.1141,0.1428,0.1157,0.139,0.117,0.023,0.134,0.1574,0.1218,0.1313,0.1319,-0.0672,0.117,0.1339,0.1281,0.1631,0.0737,0.0754,0.0663,-0.1408,0.0549
22,22,EBITDA,,12032000000.0,11659000000.0,13675000000.0,12185000000.0,12167000000.0,11377000000.0,11870000000.0,11542000000.0,10729000000.0,10744000000.0,12294000000.0,12082000000.0,11940000000.0,4989000000.0,12052000000.0,10967000000.0,11673000000.0,9917000000.0,11260000000.0,12181000000.0,11021000000.0,14200000000.0,10482000000.0,8536000000.0,11959000000.0,13783000000.0,11544000000.0,11801000000.0,11949000000.0,1932000000.0,11057000000.0,11846000000.0,11297000000.0,16246000000.0,11282000000.0,10706000000.0,10340000000.0,968000000.0,9650000000.0
23,23,EBIT,7552000000.0,7796000000.0,7608000000.0,8905000000.0,8165000000.0,7770000000.0,7180000000.0,7678000000.0,7361000000.0,6579000000.0,6639000000.0,8180000000.0,7850000000.0,7709000000.0,637000000.0,7675000000.0,6617000000.0,7349000000.0,5461000000.0,6988000000.0,8014000000.0,6962000000.0,10213000000.0,6540000000.0,4554000000.0,7942000000.0,9744000000.0,7535000000.0,7821000000.0,7960000000.0,-2136000000.0,6890000000.0,7685000000.0,7160000000.0,12063000000.0,7128000000.0,6555000000.0,6222000000.0,-3169000000.0,5483000000.0
24,24,Income from Continuous Operations,5315000000.0,4711000000.0,4737000000.0,6554000000.0,5949000000.0,5378000000.0,4718000000.0,4504000000.0,4839000000.0,4287000000.0,5217000000.0,5337000000.0,4074000000.0,5160000000.0,2065000000.0,5062000000.0,4246000000.0,4666000000.0,18783000000.0,3736000000.0,4478000000.0,3553000000.0,4600000000.0,3747000000.0,831000000.0,4430000000.0,5513000000.0,4171000000.0,4353000000.0,4338000000.0,-2148000000.0,3794000000.0,4324000000.0,5986000000.0,7916000000.0,5578000000.0,5198000000.0,4855000000.0,-1926000000.0,4292000000.0
25,25,Consolidated Net Income/Loss,5315000000.0,4711000000.0,4737000000.0,6554000000.0,5949000000.0,5378000000.0,4718000000.0,4504000000.0,4839000000.0,4287000000.0,5217000000.0,5337000000.0,4074000000.0,5160000000.0,2065000000.0,5062000000.0,4246000000.0,4666000000.0,18783000000.0,3736000000.0,4478000000.0,3553000000.0,4600000000.0,3747000000.0,831000000.0,4430000000.0,5513000000.0,4171000000.0,4353000000.0,4338000000.0,-2148000000.0,3794000000.0,4324000000.0,5986000000.0,7916000000.0,5578000000.0,5198000000.0,4855000000.0,-1926000000.0,4292000000.0
26,26,"EPS (Basic, from Continuous Ops)",1.2652,1.1214,1.1351,1.5823,1.4366,1.2987,1.1391,1.0879,1.1691,1.0358,1.2608,1.2898,0.9845,1.247,0.4977,1.2239,1.0268,1.1369,4.5982,0.9148,1.097,0.8704,1.1272,0.9186,0.2037,1.0858,1.3527,1.0243,1.0672,1.0539,-0.6956,0.9138,1.0427,1.7477,2.7614,1.9463,1.8143,1.694,-0.6804,1.5023
27,27,"EPS (Diluted, from Cont. Ops)",1.2649,1.1211,1.1342,1.5816,1.4359,1.2984,1.1385,1.0874,1.1686,1.0353,1.2599,1.2891,0.9843,1.2464,0.497,1.2227,1.0259,1.1361,4.5926,0.9137,1.0957,0.8693,1.1255,0.917,0.2034,1.0845,1.3483,1.0228,1.0656,1.0527,-0.6953,0.9122,1.0412,1.7452,2.7519,1.9408,1.8099,1.6905,-0.6792,1.4976
28,28,"EPS (Basic, Consolidated)",1.2652,1.1214,1.1351,1.5823,1.4366,1.2987,1.1391,1.0879,1.1691,1.0358,1.2608,1.2898,0.9845,1.247,0.4977,1.2239,1.0268,1.1369,4.5982,0.9148,1.097,0.8704,1.1272,0.9186,0.2037,1.0858,1.3527,1.0243,1.0672,1.0539,-0.6956,0.9138,1.0427,1.7477,2.7614,1.9463,1.8143,1.694,-0.6804,1.5023
29,29,"EPS (Diluted, Consolidated)",1.2649,1.1211,1.1342,1.5816,1.4359,1.2984,1.1385,1.0874,1.1686,1.0353,1.2599,1.2891,0.9843,1.2464,0.497,1.2227,1.0259,1.1361,4.5926,0.9137,1.0957,0.8693,1.1255,0.917,0.2034,1.0845,1.3483,1.0228,1.0656,1.0527,-0.6953,0.9122,1.0412,1.7452,2.7519,1.9408,1.8099,1.6905,-0.6792,1.4976
30,30,"Shares (Diluted, Average)",,4202000000.0,4169000000.0,4144000000.0,4143000000.0,4142000000.0,4143000000.0,4142000000.0,4141000000.0,4141000000.0,4141000000.0,4140000000.0,4139000000.0,4140000000.0,4141000000.0,4140000000.0,4139000000.0,4107000000.0,4090000000.0,4089000000.0,4087000000.0,4087000000.0,4087000000.0,4086000000.0,4085000000.0,4085000000.0,4083000000.0,4078000000.0,4085000000.0,4121000000.0,4157000000.0,4159000000.0,4153000000.0,3430000000.0,2875000000.0,2874000000.0,2872000000.0,2872000000.0,2862000000.0,2866000000.0
31,31,EBITDA Margin,0.0,0.3586,0.3422,0.4155,0.3609,0.3702,0.3279,0.3763,0.3791,0.3394,0.309,0.3737,0.3767,0.3716,0.1455,0.3696,0.3406,0.3674,0.2921,0.355,0.3987,0.3697,0.4391,0.3388,0.2796,0.3717,0.4024,0.3482,0.3662,0.3736,0.0582,0.3501,0.3763,0.3666,0.523,0.3726,0.3594,0.3515,0.0322,0.3327
32,32,Operating Cash Flow Margin,0.3209,0.2033,0.2459,0.3258,0.3182,0.2949,0.268,0.2828,0.4837,0.2792,0.2587,0.3317,0.273,0.2204,0.2361,0.3009,0.3039,0.2092,0.231,0.226,0.2596,0.0462,0.1226,0.1557,0.1772,0.233,0.3095,0.2871,0.2711,0.3179,0.2252,0.2645,0.2435,0.2317,0.3358,0.3712,0.3229,0.256,0.2239,0.3271
